@book{books-fastlane-continuous-delivery-katz,
	title = {{Continuous Delivery for Mobile with fastlane}},
	author = {Doron Katz},
	publisher = {Packt},
	year = {2018},
	month = {February},
	url = {https://www.packtpub.com/application-development/continuous-delivery-mobile-fastlane},
	ISBN = {9781788398510}
}

@online{videos-youtube-krausefx-fastlane,
	title = {{Continuous Delivery for Mobile Apps Using Fastlane}},
	 year = {2016},
	 month = {June},
	 publisher = {MCE Conference},
     organization = {Youtube},
     author = {Felix Krause},
	url = {https://www.youtube.com/watch?v=wOtANfkh2bI}
}

@manual{manuals-raywenderlich,
	title = {{fastlane Tutorial: Getting Started}},
	author = {Satraj Bambra and Lyndsey Scott},
	year = {2017},
	month = {January},
	url = {https://www.raywenderlich.com/136168/fastlane-tutorial-getting-started-2}
}

@manual{manuals-appcoda,
	title = {{Getting Started with Fastlane for Automating Beta Testing and App Deployment}},
	author = {Gregg Mojica},
	year = {2017},
	month = {February},
	url = {https://www.appcoda.com/fastlane-introduction/}
}

@manual{manuals-programmableweb,
	title = {{Getting Started with Fastlane for iOS}},
	author = {Doron Katz},
	year = {2016},
	month = {January},
	url = {https://www.programmableweb.com/news/getting-started-fastlane-ios/how-to/2016/01/11}
}

@online{articles-hedgehoglab,
	title = {{Life in the fastlane: an Android developer's review}},
	author = {David Jones},
	year = {2017},
	month = {March},
	url = {https://blog.hedgehoglab.com/app-developer-fastlane-review}
}

@manual{articles-digitalocean,
	title = {{An Introduction to Continuous Integration, Delivery, and Deployment}},
	author = {Justin Ellingwood},
	year = {2017},
	month = {May},
	url = {https://www.digitalocean.com/community/tutorials/an-introduction-to-continuous-integration-delivery-and-deployment}
}

@article{articles-medium-fastlane-problems,
	title = {{Five Options for iOS Continuous Delivery without Fastlane}},
	author = {Shashikant Jagtap},
	year = {2018},
	month = {March},
	url = {https://medium.com/xcblog/five-options-for-ios-continuous-delivery-without-fastlane-2a32e05ddf3d}
}

%https://dzone.com/articles/five-options-for-ios-continuous-delivery-without-f